<?xml version="1.0" encoding="UTF-8"?><collection xmlns="http://www.loc.gov/MARC21/slim"><record><leader>00454nam--2200169-i-4500</leader><controlfield tag="001">000016727</controlfield><controlfield tag="002">20161230</controlfield><controlfield tag="005">20170125140148</controlfield><controlfield tag="008">060222s1000------------r-----000-0-eng-d</controlfield><datafield ind1=" " ind2=" " tag="080"><subfield code="a">338</subfield></datafield><datafield ind1=" " ind2=" " tag="100"><subfield code="a">Baron, Tudor</subfield></datafield><datafield ind1=" " ind2=" " tag="245"><subfield code="a">Calitate si fibilitate. Manual practic</subfield></datafield><datafield ind1=" " ind2=" " tag="260"><subfield code="a">Bucuresti</subfield><subfield code="b">Editura Tehnica</subfield><subfield code="c">1988</subfield></datafield><datafield ind1=" " ind2=" " tag="300"><subfield code="a">/625-1056/p</subfield></datafield><datafield ind1=" " ind2=" " tag="490"><subfield code="a">Automatica, Informatica, Electronica Management</subfield></datafield><datafield ind1=" " ind2=" " tag="852"><subfield code="a">74642</subfield></datafield><datafield ind1=" " ind2=" " tag="CAT"><subfield code="a">SYS</subfield><subfield code="c">20170125</subfield><subfield code="h">140148</subfield></datafield></record></collection>